<?xml version="1.0" encoding="UTF-8" ?>
<marc:collection xmlns:marc="http://www.loc.gov/MARC21/slim" 
xmlns:xsi="http://www.w3.org/2001/XMLSchema-instance" 
xsi:schemaLocation="http://www.loc.gov/MARC21/slim 
http://www.loc.gov/standards/marcxml/schema/MARC21slim.xsd">
  <marc:record>
    <marc:leader>00000nam a2200421 c 4500</marc:leader>
    <marc:controlfield tag="007">tu</marc:controlfield>
    <marc:controlfield tag="008">      |2018    au       m    ||| |     u</marc:controlfield>
    <marc:datafield tag="040" ind1=" " ind2=" ">
      <marc:subfield code="a">UBG</marc:subfield>
      <marc:subfield code="b">ger</marc:subfield>
      <marc:subfield code="c">VL-WG-UBG</marc:subfield>
      <marc:subfield code="e">rda</marc:subfield>
    </marc:datafield>
    <marc:datafield tag="044" ind1=" " ind2=" ">
      <marc:subfield code="c">XA-AT</marc:subfield>
    </marc:datafield>
    <marc:datafield tag="100" ind1="1" ind2=" ">
      <marc:subfield code="a">Reibenschuh, Kerstin</marc:subfield>
      <marc:subfield code="4">aut</marc:subfield>
    </marc:datafield>
    <marc:datafield tag="245" ind1="0" ind2="0">
      <marc:subfield code="a">Can sulfur fertilization improve the defense reaction of the Styrian oil pumpkin after Didymella bryoniae treatment?</marc:subfield>
    </marc:datafield>
    <marc:datafield tag="246" ind1="3" ind2="3">
      <marc:subfield code="a">Can sulfur fertilization improve the defense reaction of the Styrian oil pumpkin after Didymella bryoniae treatment?</marc:subfield>
    </marc:datafield>
    <marc:datafield tag="264" ind1=" " ind2="1">
      <marc:subfield code="a">Graz</marc:subfield>
      <marc:subfield code="c">2018</marc:subfield>
    </marc:datafield>
    <marc:datafield tag="336" ind1=" " ind2=" ">
      <marc:subfield code="b">txt</marc:subfield>
    </marc:datafield>
    <marc:datafield tag="337" ind1=" " ind2=" ">
      <marc:subfield code="b">n</marc:subfield>
    </marc:datafield>
    <marc:datafield tag="338" ind1=" " ind2=" ">
      <marc:subfield code="b">nc</marc:subfield>
    </marc:datafield>
    <marc:datafield tag="500" ind1=" " ind2=" ">
      <marc:subfield code="a">Arbeit an der Bibliothek noch nicht eingelangt - Daten nicht geprüft</marc:subfield>
    </marc:datafield>
    <marc:datafield tag="500" ind1=" " ind2=" ">
      <marc:subfield code="a">Abweichender Titel laut Übersetzung des Verfassers/der Verfasserin</marc:subfield>
    </marc:datafield>
    <marc:datafield tag="502" ind1=" " ind2=" ">
      <marc:subfield code="b">Masterarbeit</marc:subfield>
      <marc:subfield code="c">Karl-Franzens-Universität Graz</marc:subfield>
      <marc:subfield code="d">2018</marc:subfield>
    </marc:datafield>
    <marc:datafield tag="520" ind1=" " ind2=" ">
        <marc:subfield code="a">ger: Es ist eine wohlbekannte Tatsache, dass Schwefeldüngungen einen positiven Effekt auf die natürliche Pathogenabwehr hat. Diese Arbeit soll aufzeigen, dass Schwefeldüngung das Immunsystem der Pflanze stärkt und zugleich die Abwehrreaktion der Pflanze gegenüber Pathogene verbessert. Ergebnisse dieser Arbeit bestätigen, dass Pflanzen, die mit Schwefel gedüngt wurden, eine rasche Entwicklung aufwiesen, sowie große dunkelgrüne Blätter entwickelten und deren krankheitsbedingten Symptomausprägungen nur in abgeschwächter Form zu beobachten war. Zudem wurden weitere Stressindikatoren, wie Chlorophyllfluoreszenz, Photosyntheserate und auch der Chlorophyllgehalt der Blätter ermittelt und mehrmals im Verlauf des Experiments erfasst. Auch hier wurden trotz Didymella bryoniae Infektion positive Effekte bei jenen Pflanzen erzielt, die mit Schwefel gedüngt wurden. Zudem wurden auch biochemische Analysen, sowie Pigmentbestimmung und die Bestimmung der Antioxidantien wie Glutathion und α- Tocopherol, durchgeführt, wobei positive Auswirkungen auf schwefelgedüngten und mit Didymella bryoniae infizierten Pflanzen beobachtet wurden. Abschließend wurde auch untersucht, ob Didymella bryoniae in der Lage ist bei suboptimale Temperatur den Steirischen Ölkürbis erfolgreich zu infizieren.</marc:subfield>
    </marc:datafield>
    <marc:datafield tag="520" ind1=" " ind2=" ">
      <marc:subfield code="a">eng: It is a well- known fact that sulfur intake has a positive effect on the natural pathogen defense of plants. The aim of this master thesis was to show that sulfur fertilization strengthens the plant´s immune system and at the same time improves the plant´s defense against pathogens. Results of these experiments confirmed that plants which were treated with sulfur displayed rapid development, as well as large dark green leaves and attenuated disease symptoms. Furthermore, stress indicators such as chlorophyll fluorescence, photosynthesis rate and also the chlorophyll content of leaves were determined and measured several times during the course of the experiment. Despite Didymella bryoniae infection, sulfur- treated plants indicated positive effects concerning the measured stress parameters. Moreover, biochemical analyzes, such as the determination of pigments and antioxidants like glutathione and α- tocopherol, were executed. Here, positive effects on sulfur- fertilized and Didymella bryoniae infected plants were observed. Finally, it was examined whether Didymella bryoniae is able to successfully infect the Styrian oil pumpkin at suboptimal temperature.</marc:subfield>
    </marc:datafield>
    <marc:datafield tag="655" ind1=" " ind2="7">
      <marc:subfield code="a">Hochschulschrift</marc:subfield>
      <marc:subfield code="0">(DE-588)4113937-9</marc:subfield>
      <marc:subfield code="2">gnd-content</marc:subfield>
    </marc:datafield>
    <marc:datafield tag="751" ind1=" " ind2=" ">
      <marc:subfield code="a">Graz</marc:subfield>
      <marc:subfield code="0">(DE-588)4021912-4</marc:subfield>
      <marc:subfield code="4">uvp</marc:subfield>
      <marc:subfield code="2">gnd</marc:subfield>
    </marc:datafield>
    <marc:datafield tag="970" ind1="2" ind2=" ">
      <marc:subfield code="d">HS-MASTER</marc:subfield>
    </marc:datafield>
    <marc:datafield tag="971" ind1="1" ind2=" ">
      <marc:subfield code="a">Müller, Maria</marc:subfield>
    </marc:datafield>
    <marc:datafield tag="971" ind1="3" ind2=" ">
      <marc:subfield code="a">2018-02</marc:subfield>
    </marc:datafield>
    <marc:datafield tag="971" ind1="5" ind2=" ">
      <marc:subfield code="a">Universität Graz</marc:subfield>
      <marc:subfield code="b">Naturwissenschaftliche Fakultät</marc:subfield>
      <marc:subfield code="c">Institut für Pflanzenwissenschaften</marc:subfield>
      <marc:subfield code="0">vls-obvugr-196515</marc:subfield>
    </marc:datafield>
    <marc:datafield tag="971" ind1="7" ind2=" ">
      <marc:subfield code="i">AutorIn stimmte der Freigabe des elektronischen Dokuments nicht zu</marc:subfield>
    </marc:datafield>
    <marc:datafield tag="974" ind1="0" ind2="s">
      <marc:subfield code="F">030</marc:subfield>
      <marc:subfield code="A">a|1urr|||||17</marc:subfield>
    </marc:datafield>
    <marc:datafield tag="974" ind1="0" ind2="s">
      <marc:subfield code="F">050</marc:subfield>
      <marc:subfield code="A">a|a|||||||||||</marc:subfield>
    </marc:datafield>
    <marc:datafield tag="974" ind1="0" ind2="s">
      <marc:subfield code="F">051</marc:subfield>
      <marc:subfield code="A">mu||||||</marc:subfield>
    </marc:datafield>
  </marc:record>
</marc:collection>
